@article{Malu,
  title={Kinematics, localization and control of differential drive mobile robot},
  author={Malu, Sandeep Kumar and Majumdar, Jharna},
  journal={Global Journals of Research in Engineering},
  volume={14},
  number={H1},
  pages={1--7},
  year={2014}
}