@article{Malu,
  title={Kinematics, localization and control of differential drive mobile robot},
  author={Malu, Sandeep Kumar and Majumdar, Jharna},
  journal={Global Journals of Research in Engineering},
  volume={14},
  number={H1},
  pages={1--7},
  year={2014}
}
@article{SchulmanPPO,
  title={Proximal policy optimization algorithms},
  author={Schulman, John and Wolski, Filip and Dhariwal, Prafulla and Radford, Alec and Klimov, Oleg},
  journal={arXiv preprint arXiv:1707.06347},
  year={2017}
}
@inproceedings{Wang,
  title={Truly proximal policy optimization},
  author={Wang, Yuhui and He, Hao and Tan, Xiaoyang},
  booktitle={Uncertainty in Artificial Intelligence},
  pages={113--122},
  year={2020},
  organization={PMLR}
}
@inproceedings{SchulmanTRPO,
  title={Trust region policy optimization},
  author={Schulman, John and Levine, Sergey and Abbeel, Pieter and Jordan, Michael and Moritz, Philipp},
  booktitle={International conference on machine learning},
  pages={1889--1897},
  year={2015},
  organization={PMLR}
}
@article{Li,
  title={Multi-agent trust region policy optimization},
  author={Li, Hepeng and He, Haibo},
  journal={arXiv preprint arXiv:2010.07916},
  year={2020}
}
@inproceedings{Anschel,
  title={Averaged-dqn: Variance reduction and stabilization for deep reinforcement learning},
  author={Anschel, Oron and Baram, Nir and Shimkin, Nahum},
  booktitle={International conference on machine learning},
  pages={176--185},
  year={2017},
  organization={PMLR}
}
@article{YangMulti,
  title={Multi-robot path planning based on a deep reinforcement learning DQN algorithm},
  author={Yang, Yang and Juntao, Li and Lingling, Peng},
  journal={CAAI Transactions on Intelligence Technology},
  volume={5},
  number={3},
  pages={177--183},
  year={2020},
  publisher={Wiley Online Library}
}
@inproceedings{GymHero,
  title={Gym Hero: A Research Environment for Reinforcement Learning Agents in Rhythm Games},
  author={F{\'e}rrer Filho, R{\^o}mulo Freire and Nogueira, Yuri Lenon Barbosa and Vidal, Creto Augusto and Cavalcante-Neto, Joaquim Bento and de Sousa Serafim, Paulo Bruno},
  booktitle={2021 20th Brazilian Symposium on Computer Games and Digital Entertainment (SBGames)},
  pages={87--96},
  year={2021},
  organization={IEEE}
}
@article{DoodleJump,
  title={Reinforcement Learning and Adversarial Attacks on Player Model with Doodle Jump},
  author={Katti, Amulya Raveendra and Sarkar, Anamay and Swamy, Pranav Mallikarjuna and Kothari, Riya and Gurudatt, Shenoy Pratik},
  url={https://pranavmswamy.github.io/doodle-jump-website/assets/CSCI527_Technical_Paper.pdf}
}
@article{PandaGym,
  title={panda-gym: Open-source goal-conditioned environments for robotic learning},
  author={Gallou{\'e}dec, Quentin and Cazin, Nicolas and Dellandr{\'e}a, Emmanuel and Chen, Liming},
  journal={arXiv preprint arXiv:2106.13687},
  year={2021}
}
@book{Adams,
  title={Fundamentals of game design},
  author={Adams, Ernest},
  year={2014},
  publisher={Pearson Education}
} 
@article{kaelbling1996reinforcement,
  title={Reinforcement learning: A survey},
  author={Kaelbling, Leslie Pack and Littman, Michael L and Moore, Andrew W},
  journal={Journal of artificial intelligence research},
  volume={4},
  pages={237--285},
  year={1996}
}
@eletronic{KevinMcGuinness,
  author={Kevin McGuinness},
  title={ee303-vbotsvr},
  year={2021},
  url={https://github.com/kevinmcguinness/ee303-vbotsvr},
}
@eletronic{Klimov,
  author={Klimov, Oleg},
  title={Carracing-v0},
  year={2016},
  url ={https://gym.openai.com/envs/CarRacing-v0},
}